%%% -*-BibTeX-*-
%%% ====================================================================
%%% This is a collection of sample BibTeX entries that have been
%%% prettyprinted by bibclean, ordered by biborder, and sorted by
%%% bibsort.
%%%
%%% Bibliography tools available on *.math.utah.edu are documented
%%% by the standard Unix "man" command, and include at least these:
%%%
%%%     bibcheck
%%%     bibclean
%%%     bibdup
%%%     bibextract
%%%     bibjoin
%%%     biblabel
%%%     biblex
%%%     biborder
%%%     bibparse
%%%     bibsearch
%%%     bibsort
%%%     bibsplit
%%%     bibsql
%%%     bibtex
%%%     bibtosql
%%%     bibunlex
%%%
%%% [30-Mar-2016]
%%% ====================================================================

@Preamble{
 "\def \noopsort #1{}"
}

%%% ====================================================================
%%% Journal abbreviations:

@article{memcached-orig,
  title={Distributed caching with memcached},
  author={Fitzpatrick, Brad},
  journal={Linux journal},
  volume={2004},
  number={124},
  pages={5},
  year={2004},
  publisher={Belltown Media}
}

@inproceedings{nishtala2013scaling,
  title={Scaling memcache at facebook},
  author={Nishtala, Rajesh and Fugal, Hans and Grimm, Steven and Kwiatkowski, Marc and Lee, Herman and Li, Harry C and McElroy, Ryan and Paleczny, Mike and Peek, Daniel and Saab, Paul and others},
  booktitle={Presented as part of the 10th USENIX Symposium on Networked Systems Design and Implementation (NSDI 13)},
  pages={385--398},
  year={2013}
}

@inproceedings{ongaro2011fast,
  title={Fast crash recovery in RAMCloud},
  author={Ongaro, Diego and Rumble, Stephen M and Stutsman, Ryan and Ousterhout, John and Rosenblum, Mendel},
  booktitle={Proceedings of the Twenty-Third ACM Symposium on Operating Systems Principles},
  pages={29--41},
  year={2011},
  organization={ACM}
}

@article{pfister2001introduction,
  title={An introduction to the infiniband architecture},
  author={Pfister, Gregory F},
  journal={High Performance Mass Storage and Parallel I/O},
  volume={42},
  pages={617--632},
  year={2001},
  publisher={chapter42}
}

@InProceedings{White+:OSDI02,
    title        = "An Integrated Experimental Environment for Distributed Systems and Networks",
    author       = "Brian White and Jay Lepreau and Leigh Stoller and Robert Ricci and Shashi Guruprasad and Mac Newbold and Mike Hibler and Chad Barb and Abhijeet Joglekar",
    booktitle    = "Proceedings of the {USENIX} Symposium on Operating System Design and Implementation ({OSDI})",
    organization = "{USENIX}",
    year         = 2002,
    month        = dec,
    url          = "http://www.flux.utah.edu/paper/white-osdi02"
}

@article{ramcloud,
 author = {Ousterhout, John and Gopalan, Arjun and Gupta, Ashish and Kejriwal, Ankita and Lee, Collin and Montazeri, Behnam and Ongaro, Diego and Park, Seo Jin and Qin, Henry and Rosenblum, Mendel and Rumble, Stephen and Stutsman, Ryan and Yang, Stephen},
 title = {The {RAMC}loud {S}torage {S}ystem},
 journal = {ACM Transactions on Computer Systems},
 issue_date = {August 2015},
 volume = {33},
 number = {3},
 month = aug,
 year = {2015},
 issn = {0734-2071},
 pages = {7:1--7:55},
 articleno = {7},
 numpages = {55},
 url = {http://doi.acm.org/10.1145/2806887},
 doi = {10.1145/2806887},
 acmid = {2806887},
 publisher = {ACM},
 address = {New York, NY, USA},
 keywords = {Datacenters, large-scale systems, low latency, storage systems},
}

@article{memshare-arxiv,
 author = {Cidon, Asaf and Rumble, Stephen M. and Rushton, Daniel and Stutsman, Ryan},
 title = {{M}emshare: {M}emory {S}haring in {M}ulti-tenant {W}eb {C}aches},
 journal = {Arxiv},
 issue_date = {June 2016},
}

@inproceedings{deuteronomy,
  title={{H}igh {P}erformance {T}ransactions in {D}euteronomy},
  author={Levandoski, Justin and Lomet, David and Sengupta, Sudipta and Stutsman, Ryan and Wang, Rui},
  booktitle={Proc. of {CIDR}},
  year={2015}
}

@article{range,
  title={{M}ulti-{V}ersion {R}ange {C}oncurrency {C}ontrol in {D}euteronomy},
  author={ Justin Levandoski and David Lomet and Sudipta Sengupta and Ryan Stutsman and Rui Wang },
  journal={Proceedings of the VLDB Endowment},
  year={2016},
  publisher={VLDB Endowment}
}

@article{htm,
  title={To lock, swap, or elide: on the interplay of hardware transactional memory and lock-free indexing},
  author={Makreshanski, Darko and Levandoski, Justin and Stutsman, Ryan},
  journal={Proceedings of the VLDB Endowment},
  volume={8},
  number={11},
  pages={1298--1309},
  year={2015},
  publisher={VLDB Endowment}
}

@inproceedings{bw-tree,
  title={{T}he {B}w-{T}ree: {A} {B}-tree for {N}ew {H}ardware {P}latforms},
  author={Levandoski, Justin J and Lomet, David B and Sengupta, Sudipta},
  booktitle={International Conference on Data Engineering (ICDE)},
  year={2013},
  organization={IEEE}
}
  pages={302--313},

@inproceedings{hekaton,
  author    = {Cristian Diaconu and
               Craig Freedman and
               Erik Ismert and
               Per{-}{\AA}ke Larson and
               Pravin Mittal and
               Ryan Stonecipher and
               Nitin Verma and
               Mike Zwilling},
  title     = {Hekaton: {SQL} server's memory-optimized {OLTP} engine},
  booktitle = {SIGMOD},
  year      = {2013}
}
  pages     = {1243--1254},

@inproceedings {rdma,
  author = {Anuj Kalia and Michael Kaminsky and David G. Andersen},
  title = {{D}esign {G}uidelines for {H}igh {P}erformance {RDMA} {S}ystems},
  booktitle = {2016 USENIX Annual Technical Conference (USENIX ATC 16)},
  year = {2016},
  month = Jun,
  isbn = {978-1-931971-30-0},
  address = {Denver, CO},
  url = {https://www.usenix.org/conference/atc16/technical-sessions/presentation/kalia},
  publisher = {USENIX Association},
}
  pages = {437--450},

@inproceedings {slik,
  author = {Ankita Kejriwal and Arjun Gopalan and Ashish Gupta and Zhihao Jia and Stephen Yang and John Ousterhout},
  title = {{SLIK}: {S}calable {L}ow-{L}atency {I}ndexes for a {K}ey-{V}alue {S}tore},
  booktitle = {{USENIX} Annual Technical Conference},
  year = {2016},
  month = Jun,
  isbn = {978-1-931971-30-0},
  address = {Denver, CO},
  url = {https://www.usenix.org/conference/atc16/technical-sessions/presentation/kejriwal},
}
  publisher = {USENIX Association},
  pages = {57--70},


@article{slow,
   author = {Binnig, Carsten and Crotty, Andrew and Galakatos, Alex and Kraska, Tim and Zamanian, Erfan},
   title = {{T}he {E}nd of {S}low {N}etworks: {I}t's {T}ime for a {R}edesign},
   journal = {Proceedings of the  VLDB Endowment},
   issue_date = {March 2016},
   volume = {9},
   number = {7},
   month = mar,
   year = {2016},
   issn = {2150-8097},
   pages = {528--539},
   numpages = {12},
   url = {http://dx.doi.org/10.14778/2904483.2904485},
   doi = {10.14778/2904483.2904485},
   acmid = {2904485},
   publisher = {VLDB Endowment},
}

@article{hyper,
   author = {R\"{o}diger, Wolf and M\"{u}hlbauer, Tobias and Kemper, Alfons and Neumann, Thomas},
   title = {{H}igh-speed {Q}uery {P}rocessing over {H}igh-speed {N}etworks},
   journal = {Proc. VLDB Endow.},
   issue_date = {December 2015},
   month = dec,
   year = {2015},
   issn = {2150-8097},
   numpages = {12},
   url = {http://dx.doi.org/10.14778/2856318.2856319},
   doi = {10.14778/2856318.2856319},
   acmid = {2856319},
   publisher = {VLDB Endowment},
}
   volume = {9},
   number = {4},
   pages = {228--239},

@inproceedings {farm,
  author = {Aleksandar Dragojevi{\'c} and Dushyanth Narayanan and Miguel Castro and Orion Hodson},
  title = {{FaRM}: {F}ast {R}emote {M}emory},
  booktitle = {{USENIX} {NSDI}},
  year = {2014},
  month = Apr,
  isbn = {978-1-931971-09-6},
  address = {Seattle, WA},
  url = {https://www.usenix.org/conference/nsdi14/technical-sessions/dragojevi{\'c}},
  publisher = {USENIX Association},
}
  pages = {401--414},
  booktitle = {11th USENIX Symposium on Networked Systems Design and Implementation (NSDI 14)},



@inproceedings{fb-memcache,
  author = {Rajesh Nishtala and Hans Fugal and Steven Grimm and Marc Kwiatkowski and Herman Lee and Harry C. Li and Ryan McElroy and Mike Paleczny and Daniel Peek and Paul Saab and David Stafford and Tony Tung and Venkateshwaran Venkataramani},
  title = {{S}caling {M}emcache at {F}acebook},
  booktitle = {Symposium on Networked Systems Design and Implementation (NSDI)},
  year = {2013},
  isbn = {978-1-931971-00-3},
  address = {Lombard, IL},
  url = {https://www.usenix.org/conference/nsdi13/technical-sessions/presentation/nishtala},
  publisher = {USENIX},
}
  pages = {385--398},

@inproceedings{fb-workload,
  author = {Atikoglu, Berk and Xu, Yuehai and Frachtenberg, Eitan and Jiang, Song and Paleczny, Mike},
  title = {{W}orkload {A}nalysis of a {L}arge-scale {K}ey-value {S}tore},
  booktitle = {Proceedings of the 12th ACM SIGMETRICS/PERFORMANCE Joint International Conference on Measurement and Modeling of Computer Systems},
  series = {SIGMETRICS '12},
  year = {2012},
  isbn = {978-1-4503-1097-0},
  location = {London, England, UK},
  numpages = {12},
  url = {http://doi.acm.org/10.1145/2254756.2254766},
  doi = {10.1145/2254756.2254766},
  acmid = {2254766},
  publisher = {ACM},
  address = {New York, NY, USA},
  keywords = {key-value store, memcached, workload analysis, workload modeling},
}
  pages = {53--64},

@inproceedings{tell,
 author = {Loesing, Simon and Pilman, Markus and Etter, Thomas and Kossmann, Donald},
 title = {{O}n the {D}esign and {S}calability of {D}istributed {S}hared-{D}ata {D}atabases},
 booktitle = {Proceedings of the 2015 ACM SIGMOD International Conference on Management of Data},
 series = {SIGMOD '15},
 year = {2015},
 isbn = {978-1-4503-2758-9},
 location = {Melbourne, Victoria, Australia},
 numpages = {14},
 url = {http://doi.acm.org/10.1145/2723372.2751519},
 doi = {10.1145/2723372.2751519},
 acmid = {2751519},
 publisher = {ACM},
 address = {New York, NY, USA},
 keywords = {decoupled storage, optimistic concurrency control, shared-data, transaction processing},
}
 pages = {663--676},

@inproceedings{farmtx,
	Author = { Aleksandar Dragojevi\'c and Dushyanth Narayanan and Edmund B Nightingale and Matthew Renzelmann and Alex Shamis and Anirudh Badam and Miguel Castro},
	Booktitle = {SOSP},
	Title = {{ No compromises: distributed transactions with consistency, availability, and performance}},
	Year = {2015}
}
	Pages = {85-100},

@inproceedings{drtm,
   author = {Wei, Xingda and Shi, Jiaxin and Chen, Yanzhe and Chen, Rong and Chen, Haibo},
   title = {{F}ast {I}n-memory {T}ransaction {P}rocessing {U}sing {RDMA} and {HTM}},
   booktitle = {Proceedings of {SOSP}},
   series = {SOSP '15},
   year = {2015},
   isbn = {978-1-4503-3834-9},
   location = {Monterey, California},
   numpages = {18},
   url = {http://doi.acm.org/10.1145/2815400.2815419},
   doi = {10.1145/2815400.2815419},
   acmid = {2815419},
   publisher = {ACM},
   address = {New York, NY, USA},
}
   pages = {87--104},

@inproceedings{herd,
   author = {Kalia, Anuj and Kaminsky, Michael and Andersen, David G.},
   title = {{U}sing {RDMA} {E}fficiently for {K}ey-value {S}ervices},
   booktitle = {Proceedings of the 2014 ACM SIGCOMM Conference},
   series = {SIGCOMM '14},
   year = {2014},
   isbn = {978-1-4503-2836-4},
   location = {Chicago, Illinois, USA},
   numpages = {12},
   url = {http://doi.acm.org/10.1145/2619239.2626299},
   doi = {10.1145/2619239.2626299},
   acmid = {2626299},
   publisher = {ACM},
   address = {New York, NY, USA},
   keywords = {RDMA, ROCE, infiniband, key-value stores},
}
   pages = {295--306},

@inproceedings{mica,
author = {Hyeontaek Lim and Dongsu Han and David G. Andersen and Michael Kaminsky},
title = {{MICA: A Holistic Approach to Fast In-Memory Key-Value Storage}},
booktitle = {11th USENIX Symposium on Networked Systems Design and Implementation (NSDI 14)},
year = {2014},
month = Apr,
isbn = {978-1-931971-09-6},
address = {Seattle, WA},
url = {https://www.usenix.org/conference/nsdi14/technical-sessions/presentation/lim},
}
    publisher = {USENIX Association},
    pages = {429--444},

@article{deuteronomy-range,
  title={{M}ulti-{V}ersion {R}ange {C}oncurrency {C}ontrol in {D}euteronomy},
  author={ Justin Levandoski and David Lomet and Sudipta Sengupta and Ryan Stutsman and Rui Wang },
  journal = {Proc. VLDB Endow.},
  year={2016},
  publisher={VLDB Endowment}
}
  journal={Proceedings of the VLDB Endowment},

@Misc{nathan,
  author = {Nathan Bronson},
  howpublished      =    {Personal Communication},
  year = 2016
}

@article{Ricci+:OSR15,
    author      = "Robert Ricci and Gary Wong and Leigh Stoller and Kirk Webb and Jonathon Duerig and Keith Downie and Mike Hibler",
    title       = "Apt: A Platform for Repeatable Research in Computer Science",
    journal     = "{ACM} {SIGOPS} Operating Systems Review",
    year        = 2015,
    month       = jan,
    volume      = 49,
    number       = 1,
    url         = "https://www.flux.utah.edu/paper/ricci-osr15"
}

@misc{CloudLab:URL,
    key = "CloudLab",
    author ="{The CloudLab Team}",
    title = "CloudLab Web Site",
    note = "\url{https://cloudlab.us}"
}

@Misc{cx4,
  title={{Mellanox ConnectX-4} Product Brief},
  howpublished = {\url{http://www.mellanox.com/related-docs/prod_adapter_cards/PB_ConnectX-4_VPI_Card.pdf}},
}

@Misc{ddio,
  title = {{Intel}\textregistered {D}ata {D}irect {I/O} Technology},
  howpublished = {\url{http://www.intel.com/content/www/us/en/io/data-direct-i-o-technology.html}},
  note={Accessed: 10-19-2016}
}

@Misc{dpdk,
  title={{DPDK} Documentation},
  howpublished = {\url{http://dpdk.org/doc/guides-16.04/}},
}
@article{hstore,
  title={H-store: a high-performance, distributed main memory transaction processing system},
  author={Kallman, Robert and Kimura, Hideaki and Natkins, Jonathan and Pavlo, Andrew and Rasin, Alexander and Zdonik, Stanley and Jones, Evan PC and Madden, Samuel and Stonebraker, Michael and Zhang, Yang and others},
  journal={Proceedings of the VLDB Endowment},
  volume={1},
  number={2},
  pages={1496--1499},
  year={2008},
  publisher={VLDB Endowment}
}

@InProceedings{KesavanRicciStutsman:IMDM16,
    author      = "Aniraj Kesavan and Robert Ricci and Ryan Stutsman",
    title       = "To Copy or Not to Copy: Making In-Memory Databases Fast on Modern {NICs}",
    booktitle   = "Proceedings of the Fourth International Workshop on In-Memory Data Management and Analytics ({IMDM})",
    year        = 2016,
    month       = sep,
    url         = "http://www.adms-conf.org/2016/kesavan_adms16.pdf"
}

@misc{rdmapatent,
  title={Remote direct memory access system and method},
  author={Gildea, Kevin and Govindaraju, Rama and Grice, Donald and Hochschild, Peter and Chang, Fu Chung},
  year={2004},
  month=aug # "~30",
  publisher={Google Patents},
  note={US Patent App. 10/929,943}
}

@inproceedings{squall,
  title={Squall: Fine-grained live reconfiguration for partitioned main memory databases},
  author={Elmore, Aaron J and Arora, Vaibhav and Taft, Rebecca and Pavlo, Andrew and Agrawal, Divyakant and El Abbadi, Amr},
  booktitle={Proceedings of the 2015 ACM SIGMOD International Conference on Management of Data},
  pages={299--313},
  year={2015},
  organization={ACM}
}

@misc{couchbase,
  title={{P}erformance {O}riented {A}rchitecture},
  howpublished = {\url{http://blog.couchbase.com/performance-oriented-architecture/}},
  note={Accessed 10-20-2016}
}
